@manual{pente-wikipedia,
	author = "Wikipedia",
	title = "Pente",
	urldate = "2018-10-17",
	note = "\href{https://en.wikipedia.org/wiki/Pente}{URL}"
}

@manual{pente-org,
	author = "www.pente.org",
	title = "Pente Game Rules",
	urldate = "2018-10-17",
	note = "\href{https://www.pente.org/help/helpWindow.jsp?file=playGameRules}{URL}"
}

@manual{pente-boardgamegeek,
	author = "boardgamegeek.com",
	title = "Pente | Board Game",
	urldate = "2018-10-17",
	note = "\href{https://boardgamegeek.com/boardgame/1295/pente}{URL}"
}

@manual{pente-renjunu,
	author = "www.renju.nu",
	title = "Rules of Pente, Keryu-Pente and Ninuki-Renju",
	urldate = "2018-10-17",
	note = "\href{http://www.renju.nu/pente-rules/}{URL}"
}

@manual{pente-net,
	author = "www.pente.net",
	title = "How to play the game of Pente",
	urldate = "2018-10-17",
	note = "\href{https://www.pente.net/instructions.html}{URL}"
}

@manual{pente-winning-moves,
	author = "winning-moves.com",
	title = "Pente -- The Classic GAME of Capture and 5-in-a-Row",
	urldate = "2018-10-18",
	note = "\href{https://winning-moves.com/images/penterules\%281\%29.pdf}{URL}"
}