@manual{some-bib,
	title   = {Article's title},
	author  = {Some dude},
	year    = {2018},
	month   = {November},
	day     = {1},
	urldate = {2018-11-1},
	note    = {\href{https://www.google.com}{URL}}
}
